% This file was created with JabRef 2.6.
% Encoding: ISO8859_1

@ARTICLE{Ahn2009,
  author = {Heekwon K. Ahn and Thomas J. Sauer and Thomas L. Richard and Thomas
	D. Glanville},
  title = {Determination of Thermal Properties of Composting Bulking Materials},
  journal = {Bioresource Technology},
  year = {2009},
  volume = {100},
  pages = {3974-3981},
  owner = {remusmp},
  timestamp = {2011.08.15}
}

@BOOK{Bingham2010,
  title = {Computational Fluid Dynamics},
  publisher = {DTU},
  year = {2010},
  editor = {DTU},
  author = {Harry B. Bingham and Poul S. Larsen and Allan V. Barker},
  owner = {remusmp},
  timestamp = {2011.08.09}
}

@ARTICLE{Datta2011,
  author = {Rathin Datta and Mark A. Maher and Coleman Jonesc and Richard W.
	Brinkerd},
  title = {Ethanol - the primary renewable liquid fuel},
  journal = {Journal of Chemical Technology \& Biotechnology},
  year = {2011},
  volume = {86},
  pages = {473-480},
  owner = {remusmp},
  timestamp = {2011.09.05}
}

@BOOK{EgelandGravdahl2002,
  title = {Modeling and Simulation for Automatic Control},
  year = {2002},
  editor = {Marine Cybernatics},
  author = {Olav Egeland and Jan Tommy Gravdahl},
  owner = {remusmp},
  timestamp = {2011.06.14}
}

@BOOK{Hendricks2008,
  title = {Linear Systems Control},
  publisher = {Springer},
  year = {2008},
  editor = {Springer},
  author = {Elbert Hendricks and Ole Jannerup and Paul Haase Sørensen},
  owner = {remusmp},
  timestamp = {2011.09.05}
}

@BOOK{Inbicon2010,
  title = {Process Control Description PCD 12-1
	
	Thermal Pre-treatment of Down-sized Straw},
  publisher = {Inbicon},
  year = {2010},
  editor = {Inbicon},
  author = {Inbicon},
  owner = {remusmp},
  timestamp = {2011.08.09}
}

@BOOK{Knudsen2004,
  title = {Experimental Modeling of Dynamic Systems},
  publisher = {Lecture Notes},
  year = {2004},
  author = {Morten Knudsen},
  organization = {Department of Control Engineering, Aalborg University},
  owner = {remusmp},
  timestamp = {2011.06.07}
}

@ARTICLE{Koncsag2010,
  author = {Claudia I. Koncsag and Kerry Kirwan},
  title = {Heat and Mass Transfer Study During Wheat Straw Solid Substrate Fermentation
	with P.ostreatus},
  journal = {Chemical Bulletin of "Politehnica" University of Timisoara},
  year = {2010},
  volume = {55 (69)},
  owner = {remusmp},
  timestamp = {2011.08.15}
}

@ARTICLE{KristensenThygesen2008,
  author = {Jan B. Kristensen and Lisbeth G. Thygesen and Claus Felby and Henning
	Jørgensen and Thomas Elder},
  title = {Cell-wall Structural Changes in Wheat Straw Pretreated for Bioethanol
	Production},
  journal = {Biotechnology for Biofuels},
  year = {2008}
}

@ARTICLE{Larsen2008,
  author = {Jan Larsen and Mai Østergaard Petersen and Laila Thirup and Hong
	Wen Li and Frank Krogh Iversen},
  title = {The IBUS Process - Lignocellulosic Bioethanol Close to a Commercial
	Reality},
  journal = {Chemical Engineering \& Technology},
  year = {2008},
  volume = {31},
  pages = {765-772},
  owner = {remusmp},
  timestamp = {2011.09.05}
}

@BOOK{Ljung1987,
  title = {System Identification, Theory for the User},
  publisher = {Prentice-Hall},
  year = {1987},
  editor = {Thomas Kailath},
  author = {Lennart Ljung},
  owner = {remusmp},
  timestamp = {2011.08.10}
}

@ARTICLE{Overend1987,
  author = {Ralph P. Overend and Esteban Chornet and J. A. Gascoigne},
  title = {Fractionation of Lignocellulosics by Steam-Aqueous Pretreatments},
  journal = {Phil. Trans. R. Soc. Lond. A},
  year = {1987},
  volume = {321},
  pages = {523-536},
  owner = {remusmp},
  timestamp = {2011.06.23}
}

@ARTICLE{PetersenLarsen2009,
  author = {Mai Ø. Petersen and Jan Larsen and Mette Hedegaard Thomsen},
  title = {Optimization of Hydrothermal Pretreatment of Wheat Straw
for Production of Bioethanol at Low Water Consumption Without Addition of
Chemicals},
  journal = {Biomass and Energy},
  year = {2009},
  volume = {33},
  pages = {834-840}
}

@BOOK{Poulsen2007,
  title = {Stokastisk Adaptiv Regulering},
  publisher = {DTU Informatics},
  year = {2007},
  editor = {DTU Informatics},
  author = {Niels Kjølstad Poulsen},
  owner = {remusmp},
  timestamp = {2011.07.28}
}

